%used
@article{sotamaa2010game,
  title={When the game is not enough: Motivations and practices among computer game modding culture},
  author={Sotamaa, Olli},
  journal={Games and Culture},
  volume={5},
  number={3},
  pages={239--255},
  year={2010},
  publisher={SAGE Publications Sage CA: Los Angeles, CA}
}

@article{herman2006your,
  title={Your Second Life? Goodwill and the performativity of intellectual property in online digital gaming},
  author={Herman, Andrew and Coombe, Rosemary J and Kaye, Lewis},
  journal={Cultural studies},
  volume={20},
  number={2-3},
  pages={184--210},
  year={2006},
  publisher={Taylor \& Francis}
}

@inproceedings{taylor2002whose,
  title={" Whose Game Is This Anyway?": Negotiating Corporate Ownership in a Virtual World.},
  author={Taylor, T Laurie},
  booktitle={CGDC Conf.},
  year={2002}
}

@article{sotamaa2003computer,
  title={Computer game modding, intermediality and participatory culture},
  author={Sotamaa, Olli},
  journal={New Media},
  pages={1--5},
  year={2003}
}

@article{hong2014becoming,
  title={Becoming an ideal co-creator: Web materiality and intensive laboring practices in game modding},
  author={Hong, Renyi and Chen, Vivian Hsueh-Hua},
  journal={new media \& society},
  volume={16},
  number={2},
  pages={290--305},
  year={2014},
  publisher={Sage Publications Sage UK: London, England}
}

@article{hong2013game,
  title={Game modding, prosumerism and neoliberal labor practices},
  author={Hong, Renyi},
  journal={International Journal of Communication},
  volume={7},
  pages={19},
  year={2013}
}

@article{scacchi2010computer,
  title={Computer game mods, modders, modding, and the mod scene},
  author={Scacchi, Walt},
  journal={First Monday},
  volume={15},
  number={5},
  year={2010}
}

@article{bostan2010explorations,
  title={Explorations in player motivations: game mods},
  author={Bostan, Barbaros and Kaplancali, Ugur},
  journal={Proceedings of GAMEON-ASIA},
  year={2010}
}

@article{nieborg2008mod,
  title={The mod industries? The industrial logic of non-market game production},
  author={Nieborg, David B and Van der Graaf, Shenja},
  journal={European Journal of Cultural Studies},
  volume={11},
  number={2},
  pages={177--195},
  year={2008},
  publisher={Sage Publications Sage UK: London, England}
}

@article{postigo2007mods,
  title={Of mods and modders: Chasing down the value of fan-based digital game modifications},
  author={Postigo, Hector},
  journal={Games and Culture},
  volume={2},
  number={4},
  pages={300--313},
  year={2007},
  publisher={Sage Publications Sage CA: Los Angeles, CA}
}

@article{schulzke2009moral,
  title={Moral decision making in fallout},
  author={Schulzke, Marcus},
  journal={Game Studies},
  volume={9},
  number={2},
  year={2009}
}

@inproceedings{zagal2009ethically,
  title={Ethically Notable Videogames: Moral Dilemmas and Gameplay},
  author={Zagal, Jos{\'e} Pablo},
  booktitle={DiGRA Conference},
  year={2009}
}

@online{todd2012,
  author={Howard, Todd},
  title={The elder scrolls 5: Skyrim creation kit preview},
  date={2012-02},
  url={https://www.youtube.com/watch?v=seCEX_AmwFo}
}

@online{nintendo1,
  author={Perry, Alex},
  title={Nintendo just shut down hundreds of fan-made games},
  date={2016-09},
  url={http://uk.businessinsider.com/nintendo-shuts-down-fan-made-games-2016-9?r=US&IR=T}
}

@online{pokemon1,
  author={Frank, Allegra},
  title={A beloved Minecraft Pok{\'e}mon mod shuts down for good},
  date={2017-07},
  url={https://www.polygon.com/2017/7/14/15972052/pixelmon-minecraft-mod-shutdown}
}

@online{gta1,
  author={Knezevic, Kevin},
  title={GTA 5 Liberty City Mod Shuts Down},
  date={2017-07},
  url={https://www.gamespot.com/articles/gta-5-liberty-city-mod-shuts-down/1100-6451428/}
}

@online{gamerlaw1,
  author={Purewal, Jaz},
  title={Fan work/User Generated Content},
  date={2013-12},
  url={http://www.gamerlaw.co.uk/category/ip/fan-workuser-generated-content/}
}

@online{hotcoffee1,
  title={Rockstar, FTC Settle Over Hot Coffee},
  date={2006-06},
  url={http://uk.ign.com/articles/2006/06/08/rockstar-ftc-settle-over-hot-coffee}
}

@misc{copyright1988,
  organization="Legislation.gov.uk",
  title="Copyright, Designs and Patents Act 1988",
  month="November",
  year = "1988",
  url={https://www.legislation.gov.uk/ukpga/1988/48}
}

@misc{trademarks1994,
  organization="Legislation.gov.uk",
  title="Trade Marks Act 1994",
  month="July",
  year = "1994",
  url={https://www.legislation.gov.uk/ukpga/1994/26/introduction}
}

@article{schulzke2010defending,
  title={Defending the morality of violent video games},
  author={Schulzke, Marcus},
  journal={Ethics and Information Technology},
  volume={12},
  number={2},
  pages={127--138},
  year={2010},
  publisher={Springer}
}
